<?xml version="1.0" encoding="UTF-8"?><collection xmlns="http://www.loc.gov/MARC21/slim"><record><leader>00554nam--2200181-i-4500</leader><controlfield tag="001">000020251</controlfield><controlfield tag="002">20161230</controlfield><controlfield tag="005">20161230201033</controlfield><controlfield tag="008">060222s1000------------r-----000-0-ger-d</controlfield><datafield ind1=" " ind2=" " tag="040"><subfield code="a">IFIN-HH</subfield></datafield><datafield ind1=" " ind2=" " tag="041"><subfield code="a">ger</subfield></datafield><datafield ind1=" " ind2=" " tag="080"><subfield code="a">533.951.2(043)</subfield></datafield><datafield ind1="1" ind2=" " tag="100"><subfield code="a">Forschel, Alfred</subfield></datafield><datafield ind1="1" ind2="0" tag="245"><subfield code="a">Thermodynamische eigensschaften optisch angeregter elektron-loch-plasmen in halbleitern. dissertation</subfield><subfield code="c">Alfred forschel</subfield></datafield><datafield ind1=" " ind2=" " tag="260"><subfield code="a">Stuttgart, Physukalisches Institut Der Universitat, 1982</subfield></datafield><datafield ind1=" " ind2=" " tag="300"><subfield code="a">155 P</subfield></datafield><datafield ind1=" " ind2=" " tag="852"><subfield code="a">71581</subfield><subfield code="c">533.9</subfield></datafield><datafield ind1=" " ind2=" " tag="CAT"><subfield code="a">Sys</subfield><subfield code="c">20101001</subfield><subfield code="h">101444</subfield></datafield></record></collection>